%% QCD FUNDAMENTALS
@book{Collins:2011zzd,
    author = "Collins, John",
    title = "{Foundations of Perturbative QCD}",
    doi = "10.1017/9781009401845",
    isbn = "978-1-009-40184-5, 978-1-009-40183-8, 978-1-009-40182-1",
    publisher = "Cambridge University Press",
    series = "Cambridge Monographs on Particle Physics, Nuclear Physics and Cosmology",
    volume = "32",
    month = "7",
    year = "2023"
}

@book{Peskin:1995ev,
    author = "Peskin, Michael E. and Schroeder, Daniel V.",
    title = "{An Introduction to quantum field theory}",
    doi = "10.1201/9780429503559",
    isbn = "978-0-201-50397-5, 978-0-429-50355-9, 978-0-429-49417-8",
    publisher = "Addison-Wesley",
    address = "Reading, USA",
    year = "1995"
}

@inproceedings{Grinstein:2003zz,
    author = "Grinstein, Benjamin",
    title = "{Introductory lectures on QCD}",
    booktitle = "{2nd CERN-CLAF School of High Energy Physics}",
    pages = "27--56",
    month = "6",
    year = "2003"
}

@article{CTEQ:1994ydo,
    author = "Brock, Raymond and others",
    collaboration = "CTEQ",
    title = "{Handbook of perturbative QCD; Version 1.1: September 1994}",
    reportNumber = "FERMILAB-PUB-94-316",
    month = "9",
    year = "1994"
}

%% COLLINEAR AND TMD PDFs
@article{Angeles-Martinez:2015sea,
    author = "Angeles-Martinez, R. and others",
    title = "{Transverse Momentum Dependent (TMD) parton distribution functions: status and prospects}",
    eprint = "1507.05267",
    archivePrefix = "arXiv",
    primaryClass = "hep-ph",
    reportNumber = "DESY-15-111, NIKHEF-2015-023, RAL-P-2015-006, JLAB-THY-15-2020",
    doi = "10.5506/APhysPolB.46.2501",
    journal = "Acta Phys. Polon. B",
    volume = "46",
    number = "12",
    pages = "2501--2534",
    year = "2015"
}

@misc{Boussarie:2023izj,
    author = "Boussarie, Renaud and others",
    title = "{TMD Handbook}",
    eprint = "2304.03302",
    archivePrefix = "arXiv",
    primaryClass = "hep-ph",
    reportNumber = "JLAB-THY-23-3780, LA-UR-21-20798, MIT-CTP/5386",
    month = "4",
    year = "2023"
}

@article{Bacchetta:2022awv,
    author = "Bacchetta, Alessandro and others",
    collaboration = "MAP (Multi-dimensional Analyses of Partonic distributions)",
    title = "{Unpolarized transverse momentum distributions from a global fit of Drell-Yan and semi-inclusive deep-inelastic scattering data}",
    eprint = "2206.07598",
    archivePrefix = "arXiv",
    primaryClass = "hep-ph",
    doi = "10.1007/JHEP10(2022)127",
    journal = "JHEP",
    volume = "10",
    pages = "127",
    year = "2022"
}

@article{Bacchetta:2019sam,
    author = "Bacchetta, Alessandro and Bertone, Valerio and Bissolotti, Chiara and Bozzi, Giuseppe and Delcarro, Filippo and Piacenza, Fulvio and Radici, Marco",
    title = "{Transverse-momentum-dependent parton distributions up to N$^{3}$LL from Drell-Yan data}",
    eprint = "1912.07550",
    archivePrefix = "arXiv",
    primaryClass = "hep-ph",
    reportNumber = "JLAB-THY-19-3121",
    doi = "10.1007/JHEP07(2020)117",
    journal = "JHEP",
    volume = "07",
    pages = "117",
    year = "2020"
}


@article{Collins:2003fm,
    author = "Collins, John C.",
    title = "{What exactly is a parton density?}",
    eprint = "hep-ph/0304122",
    archivePrefix = "arXiv",
    journal = "Acta Phys. Polon. B",
    volume = "34",
    pages = "3103",
    year = "2003"
}

%% CLOSURE TESTING

@article{DelDebbio:2021whr,
    author = "Del Debbio, Luigi and others",
    title = "{Bayesian approach to inverse problems: an application to NNPDF closure testing}",
    eprint = "2111.05787",
    archivePrefix = "arXiv",
    primaryClass = "hep-ph",
    doi = "10.1140/epjc/s10052-022-10297-x",
    journal = "Eur. Phys. J. C",
    volume = "82",
    number = "4",
    pages = "330",
    year = "2022"
}

%% COLLIDERS & EXPERIMENTS
@article{Taylor:2000dg,
    author = "Taylor, Richard E.",
    editor = "Butterworth, I. and Ellis, John R. and Gabathuler, E.",
    title = "{The Discovery of the point - like structure of matter}",
    reportNumber = "SLAC-PUB-8640",
    doi = "10.1098/rsta.2000.0723",
    journal = "Phil. Trans. Roy. Soc. Lond. A",
    volume = "359",
    pages = "225--240",
    year = "2001"
}

@article{AbdulKhalek:2021gbh,
    author = "Abdul Khalek, R. and others",
    title = "{Science Requirements and Detector Concepts for the Electron-Ion Collider}: {EIC Yellow Report}",
    eprint = "2103.05419",
    archivePrefix = "arXiv",
    primaryClass = "physics.ins-det",
    reportNumber = "BNL-220990-2021-FORE, JLAB-PHY-21-3198, LA-UR-21-20953",
    doi = "10.1016/j.nuclphysa.2022.122447",
    journal = "Nucl. Phys. A",
    volume = "1026",
    pages = "122447",
    year = "2022"
}
